@INPROCEEDINGS{copycat,
  author={J. R. {Correia-Silva} and R. F. {Berriel} and C. {Badue} and A. F. {de Souza} and T. {Oliveira-Santos}},
  booktitle={2018 International Joint Conference on Neural Networks (IJCNN)}, 
  title={Copycat CNN: Stealing Knowledge by Persuading Confession with Random Non-Labeled Data}, 
  year={2018},
  pages={1-8},
  doi={10.1109/IJCNN.2018.8489592}}
  
@misc{kaggle-emotion,
  title = {Kaggle Competition: Emotion Detection From Facial Expressions},
  howpublished = {\url{https://www.kaggle.com/c/emotion-detection-from-facial-expressions/overview}},
  note = {Accessed: 2021-02-19}
}

@misc{kdef,
  title = {KDEF \& AKDEF},
  howpublished = {\url{https://www.kdef.se/}},
  note = {Accessed: 2021-02-19}
}

@misc{dogs-cats,
  title = {Kaggle Competition: Dogs vs. Cats},
  howpublished = {\url{https://www.kaggle.com/c/dogs-vs-cats/data}},
  note = {Accessed: 2021-02-19}
}

@misc{cats,
  title = {KDEF \& AKDEF},
  howpublished = {\url{https://www.kdef.se/}},
  note = {Accessed: 2021-02-19}
}

@misc{dogs,
  title = {KDEF \& AKDEF},
  howpublished = {\url{https://www.kdef.se/}},
  note = {Accessed: 2021-02-19}
}